<record><leader>00000cas a22000007a 4500</leader><controlfield tag="001">12935941</controlfield><controlfield tag="008">851219d18871892utuwr ne      0    0eng d</controlfield><datafield ind1=" " ind2=" " tag="010"><subfield code="a">sn 85058347 </subfield></datafield><datafield ind1=" " ind2=" " tag="040"><subfield code="a">UNP</subfield><subfield code="b">eng</subfield><subfield code="c">UNP</subfield><subfield code="d">CNK</subfield><subfield code="d">UBY</subfield><subfield code="d">OCLCQ</subfield><subfield code="d">OCLCF</subfield><subfield code="d">OCLCO</subfield></datafield><datafield ind1=" " ind2=" " tag="042"><subfield code="a">msc</subfield></datafield><datafield ind1=" " ind2=" " tag="043"><subfield code="a">n-us-ut</subfield></datafield><datafield ind1=" " ind2="4" tag="050"><subfield code="a">AN2.U8</subfield><subfield code="b">E57</subfield></datafield><datafield ind1="0" ind2=" " tag="130"><subfield code="a">Ensign (Nephi, Utah)</subfield></datafield><datafield ind1="1" ind2="4" tag="245"><subfield code="a">The Ensign.</subfield></datafield><datafield ind1=" " ind2=" " tag="260"><subfield code="a">Nephi, Utah Territory [Utah] :</subfield><subfield code="b">Field &amp; Rollo</subfield></datafield><datafield ind1=" " ind2=" " tag="300"><subfield code="a">v. ;</subfield><subfield code="c">56-63 cm.</subfield></datafield><datafield ind1=" " ind2=" " tag="310"><subfield code="a">Weekly,</subfield><subfield code="b">&lt;Aug. 13-27, 1892&gt;</subfield></datafield><datafield ind1=" " ind2=" " tag="321"><subfield code="a">Weekly,</subfield><subfield code="b">&lt;Mar. 2, 1888-Nov. 1, 1889&gt;</subfield></datafield><datafield ind1=" " ind2=" " tag="321"><subfield code="a">Semiweekly,</subfield><subfield code="b">&lt;Aug. 30, 1890-Apr. 18, 1891&gt;</subfield></datafield><datafield ind1="1" ind2=" " tag="362"><subfield code="a">Began in 1887.</subfield></datafield><datafield ind1="1" ind2=" " tag="362"><subfield code="a">Ceased in 1892.</subfield><subfield code="z">Cf. Alter, J.C. Early Utah journalism.</subfield></datafield><datafield ind1=" " ind2=" " tag="580"><subfield code="a">Continued by: Nephi courier (non-extant?).</subfield></datafield><datafield ind1=" " ind2=" " tag="588"><subfield code="a">Description based on: Vol. 2, no. 39 (Mar. 2, 1888).</subfield></datafield><datafield ind1=" " ind2="0" tag="651"><subfield code="a">Nephi (Utah)</subfield><subfield code="v">Newspapers.</subfield></datafield><datafield ind1=" " ind2="0" tag="651"><subfield code="a">Juab County (Utah)</subfield><subfield code="v">Newspapers.</subfield></datafield><datafield ind1=" " ind2="7" tag="655"><subfield code="a">Newspapers.</subfield><subfield code="2">fast</subfield><subfield code="0">(OCoLC)fst01423814</subfield></datafield><datafield ind1=" " ind2="7" tag="651"><subfield code="a">Utah</subfield><subfield code="z">Juab County.</subfield><subfield code="2">fast</subfield><subfield code="0">(OCoLC)fst01212875</subfield></datafield><datafield ind1=" " ind2="7" tag="651"><subfield code="a">Utah</subfield><subfield code="z">Nephi.</subfield><subfield code="2">fast</subfield><subfield code="0">(OCoLC)fst01205864</subfield></datafield><datafield ind1=" " ind2=" " tag="752"><subfield code="a">United States</subfield><subfield code="b">Utah</subfield><subfield code="c">Juab</subfield><subfield code="d">Nephi.</subfield></datafield><datafield ind1="0" ind2="0" tag="780"><subfield code="t">Nephi ensign</subfield><subfield code="w">(DLC)sn 86091519</subfield><subfield code="w">(OCoLC)13885607</subfield></datafield><datafield ind1="1" ind2="0" tag="785"><subfield code="t">Nephi courier</subfield></datafield></record>